@techreport{kit_cha_2007,
	added-at = {2010-10-18T14:00:32.000+0200},
	at = {2009-01-27 02:42:01},
	Author = {Kitchenham, Barbara and Charters, Stuart},
	biburl = {http://www.bibsonomy.org/bibtex/227b256010a48688388374cf83b619b54/msn},
	id = {3955888},
	Organization = {Keele University and Durham University Joint Report},
	interhash = {aed0229656ada843d3e3f24e5e5c9eb9},
	intrahash = {27b256010a48688388374cf83b619b54},
	keywords = {research.cs.softeng research.support},
	number = {EBSE 2007-001},
	priority = {2},
	timestamp = {2010-10-18T14:00:32.000+0200},
	Title = {Guidelines for performing Systematic Literature Reviews in Software Engineering},
	Url = {http://www.dur.ac.uk/ebse/resources/Systematic-reviews-5-8.pdf},
	Year = 2007,
}
@Conference{gosciola_2011,
	Author = Vicente,
	Organization = {Universidade de Sorocaba (UNISO)},
	Publisher = {Universidade de Sorocaba (UNISO)},
	Title = {Narrativa Transm­dia: a presen§a de sistemas de narrativas integradas e complementares na comunica§£o e na educa§£o},
	URL = {http://randolph.com.br/uniso/wp-content/uploads/2012/11/transmidia_gosciola.pdf},
	Year = {2011},
}
@Article{alzamora_tarcia_2012,
	Author = {Alzamora, Geane and T¡rcia, Lorena},
	Journal = {Brazilian Journalism Research},
	Number = {1},
	Publisher = {SBPjor},
	Title = {Convergªncia e transm­dia: gal¡xias sem¢nticas e narrativas emergentes em jornalismo},
	URL = {http://s3.amazonaws.com/academia.edu.documents/30753264/401-1797-1-PB.pdf?AWSAccessKeyId=AKIAJ56TQJRTWSMTNPEA\&Expires=1449630584\&Signature=JlXf3e\%2FbImZ\%2FakZb4TUepGsXGgU\%3D\&response-content-disposition=inline\%3B\%20filename\%3DCONVERGENCIA_E_TRANSMIDIA_galaxias_seman.pdf},
	Volume = {8},
	Year = {2012},
}
@Article{massarolo_2013,
	Address = {Sorocaba, SP},
	Author = {Massarolo, Jo£o Carlos},
	Journal = {Tr­ade},
	Month = {dez.},
	Number = {2},
	Pages = {335-347},
	Publisher = {UNISO},
	Title = {Storytelling Transm­dia: Narrativa para multiplataformas},
	URL = {http://periodicos.uniso.br/ojs/index.php?journal=triade\&page=article\&op=view\&path\%5B\%5D=1764\&path\%5B\%5D=1646},
	Volume = {1},
	Year = {2013},
}
@Conference{dena_2004,
	Author = {Dena, Christy},
	Organization = {European Information Systems Technologies Event},
	School = {University of Melbourne, Australia},
	Title = {Current State of Cross Media Storytelling: Preliminary observations for future design},
	URL = {http://www.christydena.com/Docs/DENA_CrossMediaObservations.pdf},
	Year = {2004},
}
